@article{buchanan2005history,
author = {Buchanan, Bruce G.},
title = {A (Very) Brief History of Artificial Intelligence},
year = {2005},
issue_date = {Winter 2005},
publisher = {American Association for Artificial Intelligence},
address = {USA},
volume = {26},
number = {4},
issn = {0738-4602},
doi = {10.1609/aimag.v26i4.1848},
journal = {AI Mag.},
month = {dec},
pages = {53–60},
numpages = {8}
}

@Inbook{marquis2020elements,
author={Marquis, P. and Papini, O. and Prade, H.},
editor="Marquis, Pierre
and Papini, Odile
and Prade, Henri",
title="Elements for a History of Artificial Intelligence",
bookTitle="A Guided Tour of Artificial Intelligence Research: Volume I: Knowledge Representation, Reasoning and Learning",
year="2020",
publisher="Springer International Publishing",
address="Cham",
pages="1-43",
isbn="978-3-030-06164-7",
doi="10.1007/978-3-030-06164-7_1"
}

@article{muthukrishnan2020history,
    title={Brief History of Artificial Intelligence},
    author={Muthukrishnan, N. and Maleki, F. and Ovens, K. and Reinhold, C. and Forghani, B. and Forghani, R.},
    journal={Neuroimaging clinics of North America},
    volume={30},
    number={4},
    pages={393-399},
    year={2020},
    doi={10.1016/j.nic.2020.07.004}
}


%% 52, 14, 56
@article{tecuci2012artificial,
author={Tecuci, G.},
title = {Artificial intelligence},
year = {2012},
issue_date = {March/April 2012},
publisher = {John Wiley \& Sons, Inc.},
address = {USA},
volume = {4},
number = {2},
issn = {1939-5108},
doi = {10.1002/wics.200},
journal = {WIREs Comput. Stat.},
month = {feb},
pages = {168–180},
numpages = {13},
}

@article{hamet2017artificial,
    title={Artificial Intelligence in Medicine},
    author={Hamet, P. and Tremblay, J.},
    journal={Metabolism: clinical and experimental},
    volume={69S},
    pages={36-40},
    year={2017},
    doi={10.1007/978-3-319-59758-4}
}

@article{wang2019defining,
    title={On Defining Artificial Intelligence},
    author={Wang, P.},
    journal={Journal of Artificial General Intelligence},
    volume={10},
    pages={1-37},
    year={2019},
    month = {08},
    doi={10.2478/jagi-2019-0002}
}

%% 4, 20, 11, 3
@article{balmer2020applications,
title = {Artificial Intelligence Applications in Telecommunications and other network industries},
author={Balmer, R. E. and Levin, S. and Schmidt, S. R.},
journal = {Telecommunications Policy},
volume = {44},
number = {6},
pages = {101977},
year = {2020},
issn = {0308-5961},
doi={10.1016/j.telpol.2020.101977}
}

@article{javaid2021applications,
    title={Artificial Intelligence Applications for Industry 4.0: A Literature-Based Study},
    author={Javaid, M. and Haleem, A. and Singh, R. and Suman, R.},
    journal={Journal of Industrial Integration and Management},
    volume = {07},
    number = {01},
    pages = {83-111},
    year = {2022},
    doi={10.1142/s2424862221300040}
}


@InProceedings{fox1986industrial,
author={Fox, M. S.},
editor="Turksen, I. B. and Asai, K. and Ulusoy, G.",
title="Industrial Applications of Artificial Intelligence",
booktitle="Computer Integrated Manufacturing",
year="1988",
publisher="Springer Berlin Heidelberg",
address="Berlin, Heidelberg",
pages="141-160",
doi={10.1007/978-3-642-83590-2_6},
isbn="978-3-642-83590-2"
}

@InProceedings{bai2011applications,
  author={Bai, S.},
  booktitle={International Conference on Sustainable Energy and Intelligent Systems (SEISCON 2011)}, 
  title={Artificial intelligence technologies in business and engineering}, 
  year={2011},
  pages={856-859},
  isbn={978-9-38043-000-3},
  doi={10.1049/cp.2011.0486}
}

@article{chakraborty2020machine,
    title={Machine Learning in Artificial Intelligence},
    author={Chakraborty, A. and Sharma, S.},
    journal={International Journal of Advanced Research in Engineering and Technology},
    year={2020},
    volume = {11},
    number = {06},
    pages={392-399},
    doi={10.34218/IJARET.11.6.2020.035}
}

@article{janiesch2021machine,
    title={Machine learning and deep learning},
    author={Janiesch, C. and Zschech, P. and Heinrich, K.},
    journal={Electronic Markets},
    volume={31},
    pages={685-695},
    year={2021},
    doi={10.1007/s12525-021-00475-2}
}
@article{jordan2015machine,
    title={Machine learning: Trends, perspectives, and prospects},
    author={Jordan, M. I. and Mitchell, T.},
    journal={Science},
    volume={349},
    number = {6245},
    pages={255-260},
    year={2015},
    doi={10.1126/science.aaa8415}
}

@Webpage{gajdosik2024gesture,
  author={Gajdosik, R.},
  secondarytitle={Implementing gesture recognition on ARM as an alternative to traditional device control},
  title={GitHub Repository},
  year={2024},
  url={https://github.com/RichardGajdosik/Gesture_Recognition_NXP_VUTFIT},
  revised={revised 8. 5. 2024},
  cited={2024-08-02},
  howpublished={online}
}

%%%%%%%%%%%%%%%%%%%%%%%%%%%%% MANUAL

@manual{iMX93FAMFS,
    title={i.MX 93 Applications Processor Family Fact Sheet},
    author={NXP Semiconductors},
    year={2021},
    url={https://www.nxp.com/docs/en/fact-sheet/iMX93FAMFS.pdf},
    cited={2023-11-18},
    revised={revised 18. 11. 2023},
    howpublished={online}
}

@manual{iMX_LINUX_USERS_GUIDE,
    title={i.MX Linux User's Guide},
    author={NXP Semiconductors},
    year={2022},
    url={https://www.nxp.com/docs/en/user-guide/IMX_LINUX_USERS_GUIDE.pdf},
    cited={2023-11-18},
    revised={revised 18. 11. 2023},
    howpublished={online}
}

@manual{iMX_MACHINE_LEARNING_UG,
    title={i.MX Machine Learning User's Guide},
    author={NXP Semiconductors},
    year={2022},
    url={https://www.nxp.com/docs/en/user-guide/IMX-MACHINE-LEARNING-UG.pdf},
    cited={2023-11-18},
    revised={revised 18. 11. 2023},
    howpublished={online}
}

@manual{iMX_LINUX_EMBEDDED,
    title={Embedded Linux for i.MX Applications Processors},
    author={NXP Semiconductors},
    year={2023},
    url={https://www.nxp.com/design/design-center/software/embedded-software/i-mx-software/embedded-linux-for-i-mx-applications-processors:IMXLINUX},
    cited={2024-05-02},
    revised={revised 2. 5. 2024},
    howpublished={online}
}

@article{hagrid,
    title={HaGRID - HAnd Gesture Recognition Image Dataset},
    author={Kapitanov, A. and Makhlyarchuk, A. and Kvanchiani, K.},
    howpublished={online},
    journal={arXiv preprint arXiv:2206.08219},
    year={2022},
    doi={10.48550/arXiv.2206.08219},
    cited={2024-05-02},
    url={https://doi.org/10.48550/arXiv.2206.08219}
}

@article{dishar2023overfitting,
    title={A Review of the Overfitting Problem in Convolution Neural Network and Remedy Approaches},
    author={Dishar, H. K. and Muhammed, L.},
    volume={15},
    number={2},
    month={09},
    pages={155–165},
    journal={Journal of Al-Qadisiyah for Computer Science and Mathematics},
    year={2023},
    doi={10.29304/jqcm.2023.15.2.1240}
}

@article{zeng2019cnnmodel,
    title={CNN Model Design of Gesture Recognition Based on Tensorflow Framework},
    author={Zeng, Z. and Gong, Q. and Zhang, J.},
    year={2019},
    journal={2019 IEEE 3rd Information Technology, Networking, Electronic and Automation Control Conference (ITNEC)},
    pages={1062-1067},
    doi={10.1109/ITNEC.2019.8729185}
}

@inproceedings{howard2019searching,
    title={Searching for MobileNetV3},
    author={Howard, A. and Sandler, M. and Chu, G. and Chen, L-C. and Chen, B. and Tan, M. and Wang, W. and Zhu, Y. and Pang, R. and Vasudevan, V. and Le, Q. V. and Adam, H.},
    year={2019},
    booktitle={2019 IEEE/CVF International Conference on Computer Vision (ICCV)},
    pages={1314-1324},
    isbn={978-1-7281-4803-8},
    doi={10.1109/ICCV.2019.00140}
}

@misc{mao2023crossentropy,
    title={Cross-Entropy Loss Functions: Theoretical Analysis and Applications},
    author={Mao, A. and Mohri, M. and Zhong, Y.},
    year={2023},
    journal={arXiv},
    doi={10.48550/arXiv.2304.07288},
}

@misc{lucena2022structured,
    title={Loss Functions for Classification using Structured Entropy},
    author={Lucena, B.},
    year={2022},
    journal={arXiv},
    doi={10.48550/arXiv.2206.07122},
}


@inproceedings{martinez2018tamed,
    title={Taming the Cross Entropy Loss},
    booktitle="Pattern Recognition",
    author={Martínez, M. and Stiefelhagen, R.},
    editor="Brox, T. and Bruhn, A. and Fritz, M.",
    publisher="Springer International Publishing",
    address="Cham",
    pages="628-637",
    year={2019},
    doi={10.1007/978-3-030-12939-2_43},
    isbn={978-3-030-12938-5}
}

@article{li2020gradient,
  author={Li, Li and Doroslovački, Miloš and Loew, Murray H.},
  journal={IEEE Access}, 
  title={Approximating the Gradient of Cross-Entropy Loss Function}, 
  year={2020},
  volume={8},
  number={},
  pages={111626-111635},
  doi={10.1109/ACCESS.2020.3001531}}

@Inbook{Hastie2001,
author="Hastie, Trevor
and Friedman, Jerome
and Tibshirani, Robert",
title="Overview of Supervised Learning",
bookTitle="The Elements of Statistical Learning: Data Mining, Inference, and Prediction",
year="2001",
publisher="Springer New York",
address="New York, NY",
pages="9--40",
isbn="978-0-387-21606-5",
doi="10.1007/978-0-387-21606-5_2",
}

@article{Wu2021LearningDO,
    title={Learning dynamics of gradient descent optimization in deep neural networks},
    author={Wu, W. and Jing, X. and Du, W. and Chen, G.},
    journal={Science China Information Sciences},
    volume={64},
    year={2021},
    month={05},
    doi={10.1007/s11432-020-3163-0}
}

@article{Wang2020ComprehensiveSF,
    title={A Comprehensive Survey of Loss Functions in Machine Learning},
  author={Wang, Q. and Ma, Y. and Zhao, K. and Tian, Y-J.},
    journal={Annals of Data Science},
    year={2022},
    volume={9},
    pages={187-212},
    issn={2198-5812},
    doi={10.1007/s40745-020-00253-5}
}

@article{Jacob2018,
    title={Quantization and Training of Neural Networks for Efficient Integer-Arithmetic-Only Inference},
    author={Jacob, B. and Kligys, S. and Chen, B. and Zhu, M. and Tang, M. and Howard, A. and Adam, H. and Kalenichenko, D.},
    journal={Proceedings of the IEEE Conference on Computer Vision and Pattern Recognition},
    year={2018},
    pages={2704-2713},
    doi={10.1109/CVPR.2018.00286}
}

@Inbook{Dandamudi2005,
title="ARM Architecture",
bookTitle="Guide to RISC Processors: for Programmers and Engineers",
year="2005",
publisher="Springer New York",
address="New York, NY",
pages="121--145",
isbn="978-0-387-27446-1",
doi="10.1007/0-387-27446-4_8"
}

@article{goodfellow2016deep,
    title={Deep Learning},
    author={Goodfellow, I. and Bengio, Y. and Courville, A.},
    journal={MIT Press},
    year={2018},
    volume={19},
    issn={1573-7632},
    pages={305-307},
    doi={10.1007/s10710-017-9314-z}
}

@inproceedings{aldin2022accuracy,
    title={Accuracy Comparison of Different Batch Size for a Supervised Machine Learning Task with Image Classification},
    booktitle={2022 9th International Conference on Electrical and Electronics Engineering (ICEEE)}, 
    author={Aldin, N. B. and Aldin, S. B.},
    year={2022},
    pages={316-319},
    doi={10.1109/ICEEE55327.2022.9772551},
    isbn={978-1-6654-6754-4}
}

@article{rahulnath2019gesture,
    title={Air Writing: Gesture Recognition using Ultrasound Sensors and Grid-Eye Infrared Array Sensors},
    author={Rahulnath, H. A. and Ananthakrishnan, D. S. and Jacob, A.},
    journal={International Research Journal of Engineering and Technology (IRJET)},
    volume={6},
    number={6},
    year={2019},
    organization={T.K.M. College of Engineering Kollam},
    issn={2395-0056}
}%https://www.irjet.net/archives/V6/i6/IRJET-V6I6163.pdf

@inproceedings{kobayashi1997optical,
    title={Optical gesture recognition system},
    author={Kobayashi, S.},
    booktitle = {ACM SIGGRAPH 97 Visual Proceedings: The Art and Interdisciplinary Programs of SIGGRAPH '97},
    pages={117},
    year={1997},
    isbn = {0897919211},
    publisher = {Association for Computing Machinery},
    address = {New York, NY, USA},
    doi={10.1145/259081.259206},
}

@inproceedings{segen1998fast,
    title={Fast and accurate 3D gesture recognition interface},
    booktitle={Proceedings. Fourteenth International Conference on Pattern Recognition (Cat. No.98EX170)},
    author={Segen, J. and Kumar, S.},
    pages={86-91},
    volume={1},
    year={1998},
    doi={10.1109/ICPR.1998.711086},
    isbn={0-8186-8512-3}
}

@inproceedings{preetham2013hand,
  title={Hand Talk-Implementation of a Gesture Recognizing Glove},
  author={Celestine Preetham and Ganesh Ramakrishnan and Sujan Kumar Gonugondla and Anish Tamse and N. Krishnapura},
  booktitle={2013 Texas Instruments India Educators' Conference},
  pages={328-331},
  year={2013},
  doi={10.1109/TIIEC.2013.65},
  isbn={978-0-7695-5146-3}
}

@article{panella2019smartphone,
    title={A Smartphone-Based Application Using Machine Learning for Gesture Recognition: Using Feature Extraction and Template Matching via Hu Image Moments to Recognize Gestures},
    author={Massimo, P.and Altilio, R.},
    journal={IEEE Consumer Electronics Magazine},
    volume={8},
    number={1},
    pages={25-29},
    year={2019},
    doi={10.1109/MCE.2018.2868109},
}

@inproceedings{xu2015finger,
    title={Finger-writing with Smartwatch: A Case for Finger and Hand Gesture Recognition using Smartwatch},
    author={Chao, X. and Prasant, P. and Prasant, M.},
    booktitle={Proceedings of the 16th International Workshop on Mobile Computing Systems and Applications},
    year={2015},
    pages = {9–14},
    isbn = {9781450333917},
    publisher = {Association for Computing Machinery},
    address = {New York, NY, USA},
    doi={10.1145/2699343.2699350},
}

@inproceedings{Ye2018,
  author= {Qi Ye and Lanqing, Y. and Guangtao Xue},
  title={Hand-free Gesture Recognition for Vehicle Infotainment System Control},
  booktitle = {2018 IEEE Vehicular Networking Conference (VNC)},
  year      = {2018},
  pages     = {1-2},
  doi       = {10.1109/VNC.2018.8628409},
  isbn={978-1-5386-9428-2}
}

@inproceedings{ZhiHeng2017,
  author    = {Wang, Z. and Cao, J. and Liu, J. and Zhao, Z.},
  title     = {Design of human-computer interaction control system based on hand-gesture recognition},
  booktitle = {2017 32nd Youth Academic Annual Conference of Chinese Association of Automation (YAC)},
  year      = {2017},
  pages     = {143-147},
  doi       = {10.1109/YAC.2017.7967394},
  isbn={978-1-5386-2901-7}
}

@inproceedings{Jha2018,
  author    = {Kushal Jha and Sandeep, Ch. and Akash Rai and Shivendra, D.},
  title     = {Real-time Hand Gesture Recognition for Robotic Control},
  booktitle = {2018 IEEE 8th International Advance Computing Conference (IACC)},
  year      = {2018},
  pages     = {349-354},
  doi       = {10.1109/IADCC.2018.8692098},
  isbn={978-1-5386-6678-4}
}

%https://ieeexplore.ieee.org/document/6132215
@article{Yan2012,
    author={Yan, Rui R. and K. P. Tee, Keng Peng and Chua, Yuanwei Y. and Li, Haizhou H. and Tang, Huajin H.},
  title     = {Gesture recognition based on Localist Attractor Networks with application to robot control},
  journal   = {IEEE Computational Intelligence Magazine},
  year      = {2012},
  volume    = {7},
  number    = {1},
  pages     = {64-74},
  doi       = {10.1109/MCI.2011.2176767}
}

@article{Choi2014,
  author = {Min-Seok Choi and Beakcheol, Jang},
  title = {An Analysis of Human Gesture Recognition Technologies for Electronic Device Control},
  journal = {Journal of The Korea Society of Computer and Information},
  year = {2014},
  month={09},
  volume = {09},
  number = {12}, 
  pages = {91-100},
  doi = {10.9708/JKSCI.2014.19.12.091},
}

@Inbook{Escalera2016,
author="Escalera, S. and Athitsos, V. and Guyon, I.",
editor="Escalera, S. and Athitsos, V. and Guyon, I.",
title="Challenges in Multi-modal Gesture Recognition",
bookTitle="Gesture Recognition",
year="2017",
publisher="Springer International Publishing",
address="Cham",
pages="1-60",
isbn="978-3-319-57021-1",
doi="10.1007/978-3-319-57021-1_1",
}

@inproceedings{Iyer2016,
  author = {Darshan. I. and Fahim, M. and Yuan, G. and Ebrahim, S. and Benjamin, J. and Zhiqiang, L. and Nilesh, J.},
  editor="Perner, Petra",
  title = {Generalized Hand Gesture Recognition for Wearable Devices in IoT: Application and Implementation Challenges},
  booktitle="Machine Learning and Data Mining in Pattern Recognition",
  year = {2016},
  publisher="Springer International Publishing",
  address="Cham",
  pages="346-355",
  doi = {10.1007/978-3-319-41920-6_26},
  isbn={978-3-319-41919-0}
}

@inproceedings{Si2022,
  author = {Xiaokang Si and Jian Wang},
  title = {Gesture Recognition Based on Human-Computer Interaction},
  booktitle = {2022 3rd International Conference on Information Science and Education (ICISE-IE)},
  year = {2022},
  pages={136-139},
  doi = {10.1109/icise-ie58127.2022.00036},
  isbn={979-8-3503-2038-1}
}

@article{Wu2023,
  author = {Meng Wu},
  title = {Gesture Recognition in Virtual Reality},
  journal = {Psychomachina},
  year = {2023},
  volume={1},
  number={1},
  pages={1-10},
  doi = {10.59388/pm00336},
}

@inproceedings{Li2022,
  author = {Yuxiang Li and Jingya Xu},
  title = {Gesture Recognition Related Technology and Development Challenges},
  booktitle = {2022 IEEE 2nd International Conference on Electronic Technology, Communication and Information (ICETCI)},
  year = {2022},
  pages={568-571},
  doi = {10.1109/icetci55101.2022.9832344},
  isbn={978-1-7281-8115-8}
}

@webpage{tensorflow2015-whitepaper,
    title={TensorFlow: Large-Scale Machine Learning on Heterogeneous Systems},
    howpublished={online},
    url={https://www.tensorflow.org/},
    revised={revised 18. 11. 2023},
    cited={2024-05-02},
    author={
        Abadi, M. and
        Agarwal, A. and
        Barham, P. and
        Brevdo, E. and
        Chen, Z. and
        Citro, C. and
        Corrado, G. S. and
        Davis, A. and
        Dean, J. and
        Devin, M. and
        Ghemawat, S. and
        Goodfellow, I. and
        Harp, A. and
        Irving, G. and
        Isard, M. and
        Jia, Y. and
        Jozefowicz, R. and
        Kaiser, L. and
        Kudlur, M. and
        Levenberg, J. and
        Man\'{e}, D. and
        Monga, R. and
        Moore, S. and
        Murray, D. and
        Olah, C. and
        Schuster, M. and
        Shlens, J. and
        Steiner, B. and
        Sutskever, I. and
        Talwar, K. and
        Tucker, P. and
        Vanhoucke, V. and
        Vasudevan, V. and
        Vi\'{e}gas, F. and
        Vinyals, O. and
        Warden, P. and
        Wattenberg, M. and
        Wicke, M. and
        Yu, Y. and
        Zheng, X.
    },
    year={2015}
}

@inproceedings{mobilnetv2,
    title={MobileNetV2: Inverted Residuals and Linear Bottlenecks},
    author={Sandler, M. and Howard, A. and Zhu, M. and Zhmoginov, A. and Chen, L-C.},
    booktitle={2018 IEEE/CVF Conference on Computer Vision and Pattern Recognition},
    pages={4510-4520},
    year={2018},
    organization={IEEE},
    doi={10.1109/CVPR.2018.00474},
    isbn={978-1-5386-6420-9}
}

@webpage{chollet2015keras,
    title={Keras},
    author={Chollet, F. and others},
    year={2015},
    url={https://keras.io},
    revised={revised 2. 5. 2024},
    cited={2024-05-02},
    howpublished={online}
}

@inproceedings{pak2017review,
    title={A review of deep learning in image recognition},
    author={Pak, M. and Kim, S.},
    booktitle={2017 4th International Conference on Computer Applications and Information Processing Technology (CAIPT)},
    year={2017},
    pages={1-3},
    doi={10.1109/CAIPT.2017.8320684},
    isbn={978-1-5386-0600-1}
}

@article{torresen1997convergence,
  title={The Convergence of Backpropagation Trained Neural Networks for Various Weight Update Frequencies},
  author={Tørresen, J.},
  journal={International journal of neural systems},
  volume={8},
  number={3},
  pages={263-277},
  year={1997},
  doi={10.1142/S0129065797000288},
}

@misc{tano2020accelerating,
  title={Accelerating Training in Artificial Neural Networks with Dynamic Mode Decomposition},
  author={Tano, M. and Portwood, G. and Ragusa, J.},
  journal={ArXiv},
  year={2020},
  eprint={2006.14371},
  howpublished={online},
  url={https://arxiv.org/pdf/2006.14371},
  revised={revised 2. 5. 2024},
  cited={2024-05-02},
}

@inproceedings{Perin2020Influence,
author="Perin, Guilherme and Picek, Stjepan",
editor="Dunkelman, Orr and Jacobson, Jr., Michael J. and O'Flynn, Colin",
title="On the Influence of Optimizers in Deep Learning-Based Side-Channel Analysis",
booktitle="Selected Areas in Cryptography",
year="2021",
publisher="Springer International Publishing",
address="Cham",
pages="615-636",
isbn="978-3-030-81652-0"
}

@article{seidaliyeva2020layers,
    author={Seidaliyeva, U. and Akhmetov, D. and Ilipbayeva, L. and Matson, E.},
    year = {2020},
    month = {07},
    pages = {3856},
    title = {Real-Time and Accurate Drone Detection in a Video with a Static Background},
    volume = {20},
    journal = {Sensors},
    doi = {10.3390/s20143856}
}

@article{xia2020lstm,
  title={LSTM-CNN Architecture for Human Activity Recognition},
  author={Xia, K. and Huang, J. and Wang, H.},
  journal={IEEE Access},
  volume={8},
  pages={56855-56866},
  year={2020},
  doi={10.1109/ACCESS.2020.2982225}
}

@inproceedings{tan2020efficientdet,
  title={EfficientDet: Scalable and Efficient Object Detection},
  author={Tan, Mingxing and Pang, Ruoming and Le, Quoc V.},
  booktitle={IEEE/CVF Conference on Computer Vision and Pattern Recognition (CVPR)},
  pages={10778-10787},
  year={2020},
  organization={IEEE},
  doi={10.1109/CVPR42600.2020.01079},
  isbn={978-1-7281-7168-5}
}